@inproceedings{886455,
  author = {Lau, F. and Rubin, S.H. and Smith, M.H. and Trajkovic, L.},
  booktitle = {Smc 2000 conference proceedings. 2000 ieee international
               conference on systems, man and cybernetics. 'cybernetics evolving
               to systems, humans, organizations, and their complex interactions'
               (cat. no.0},
  title = {Distributed denial of service attacks},
  year = {2000},
  volume = {3},
  number = {},
  pages = {2275-2280 vol.3},
  keywords = {Computer crime;Bandwidth;Web and internet
              services;Protection;Telecommunication traffic;Traffic
              control;Layout},
  doi = {10.1109/ICSMC.2000.886455},
  note = {Accessed: 7 August 2025},
}

@misc{cloudflare-ddos-attack,
  author = {{Cloudflare}},
  title = {What is a DDoS attack?},
  howpublished = {\url{
                  https://www.cloudflare.com/learning/ddos/what-is-a-ddos-attack/
                  }},
  note = {Accessed: 7 August 2025},
}


@misc{fbi-ddos,
  author = {{FBI}},
  title = {The FBI and International Law Enforcement Partners Intensify Efforts
           to Combat Illegal DDoS Attacks},
  howpublished = {\url{
                  https://www.fbi.gov/contact-us/field-offices/anchorage/fbi-intensify-efforts-to-combat-illegal-ddos-attacks
                  }},
  note = {Accessed: 7 August 2025},
}

@misc{google-398-mil,
  author = {Kiner, Emil and April, Tim},
  title = {Google mitigated the largest DDoS attack to date, peaking above 398
           million rps},
  year = {2023},
  howpublished = {\url{
                  https://cloud.google.com/blog/products/identity-security/google-cloud-mitigated-largest-ddos-attack-peaking-above-398-million-rps
                  }},
  note = {Accessed: 7 August 2025},
}

@misc{cloudflare-7-3-tbps,
  author = {Yoachimik, Omer},
  title = {Defending the Internet: how Cloudflare blocked a monumental 7.3 Tbps
           DDoS attack},
  year = {2025},
  howpublished = {\url{
                  https://blog.cloudflare.com/defending-the-internet-how-cloudflare-blocked-a-monumental-7-3-tbps-ddos/
                  }},
  note = {Accessed: 7 August 2025},
}

@misc{cloudflare-ddos-list,
  author = {{Cloudflare}},
  title = {Famous DDoS attacks: The largest DDoS attacks of all time},
  howpublished = {\url{
                  https://www.cloudflare.com/learning/ddos/famous-ddos-attacks/}},
  note = {Accessed: 7 August 2025},
}

@online{oed-machine-learning,
  author = {{Oxford English Dictionary}},
  title = {machine learning (n.)},
  year = {2025},
  month = mar,
  doi = {10.1093/OED/2166790335},
  note = {Accessed: 8 August 2025},
}

@inproceedings{8616075,
  author = {Zhai, Junhai and Zhang, Sufang and Chen, Junfen and He, Qiang},
  booktitle = {2018 IEEE International Conference on Systems, Man, and
               Cybernetics (SMC)},
  title = {Autoencoder and Its Various Variants},
  year = {2018},
  volume = {},
  number = {},
  pages = {415-419},
  keywords = {Decoding;Gallium nitride;Mathematical model;Training;Generative
              adversarial networks;Data models;Computational
              modeling;autoencoder;decoder;deep learning;feature
              learning;generative model},
  doi = {10.1109/SMC.2018.00080},
  note = {Accessed: 8 August 2025},
}

@misc{mcmahan2023communication,
  title = {Communication-Efficient Learning of Deep Networks from Decentralized
           Data},
  author = {H. Brendan McMahan and Eider Moore and Daniel Ramage and Seth
            Hampson and Blaise Agüera y Arcas},
  year = {2023},
  eprint = {1602.05629},
  archivePrefix = {arXiv},
  primaryClass = {cs.LG},
  url = {https://arxiv.org/abs/1602.05629},
  note = {Accessed: 8 August 2025},
}

@misc{gfg-fl-architecture,
  author = {{GeeksforGeeks}},
  title = {What is Federated Learning?},
  howpublished = {\url{
                  https://www.geeksforgeeks.org/machine-learning/collaborative-learning-federated-learning/
                  }},
  note = {Accessed: 8 August 2025},
}

@misc{47586,
  title = {Federated Learning for Mobile Keyboard Prediction},
  author = {Andrew Hard and Chloé M Kiddon and Daniel Ramage and Francoise
            Beaufays and Hubert Eichner and Kanishka Rao and Rajiv Mathews and
            Sean Augenstein},
  year = {2018},
  URL = {https://arxiv.org/abs/1811.03604},
  note = {Accessed: 9 August 2025},
}

@article{bprofile,
  author = {Sharafaldin, Iman and Lashkari, Arash Habibi and Ghorbani, Ali A.},
  title = {Toward Generating a New Intrusion Detection Dataset and Intrusion
           Traffic Characterization},
  booktitle = {Proceedings of the 4th International Conference on Information
               Systems Security and Privacy (ICISSP)},
  year = {2018},
  address = {Portugal},
  url = {https://www.scitepress.org/papers/2018/66398/66398.pdf},
}

@misc{cicids2017,
  author = {Sharafaldin, Iman and Lashkari, Arash Habibi and Ghorbani, Ali A.},
  title = {Intrusion detection evaluation dataset},
  year = {2017},
  howpublished = {\url{https://www.unb.ca/cic/datasets/ids-2017.html}},
  note = {Canadian Institute for Cybersecurity},
}

@misc{cicddos2019,
  author = {Sharafaldin, Iman and Lashkari, Arash Habibi and Hakak, Saqib and
            Ghorbani. Ali A.},
  title = {DDoS evaluation dataset},
  year = {2019},
  howpublished = {\url{https://www.unb.ca/cic/datasets/ddos-2019.html}},
  note = {Canadian Institute for Cybersecurity},
}

@misc{cicflowmeter,
  author = {{Canadian Institute for Cybersecurity}},
  title = {CICFlowMeter},
  howpublished = {\url{https://www.unb.ca/cic/research/applications.html}},
  note = {Canadian Institute for Cybersecurity},
}

@misc{w3floatnum,
  author = {{w3resource}},
  title = {What is the maximum and minimum value for an int, float and string
           data type in Python?},
  howpublished = {\url{
                  https://www.w3resource.com/python-interview/what-is-the-maximum-and-minimum-value-for-an-int-float-and-string-data-type-in-python.php
                  }},
}

@misc{sklearnprc,
  author = {{Scikit-Learn}},
  title = {sklearn.metrics.precision\_recall\_curve},
  howpublished = {\url{
                  https://scikit-learn.org/stable/modules/generated/sklearn.metrics.precision_recall_curve.html
                  }},
}

